<?xml version="1.0" encoding="UTF-8"?><collection xmlns="http://www.loc.gov/MARC21/slim"><record><leader>00553nam--2200205-u-4500</leader><controlfield tag="001">000055936</controlfield><controlfield tag="002">20161230</controlfield><controlfield tag="005">20161230201052</controlfield><controlfield tag="008">130827s1000------------r-----000-0-rus-d</controlfield><datafield ind1=" " ind2=" " tag="040"><subfield code="a">IFIN-HH</subfield></datafield><datafield ind1=" " ind2=" " tag="041"><subfield code="a">rus</subfield></datafield><datafield ind1=" " ind2=" " tag="080"><subfield code="a">52-76</subfield></datafield><datafield ind1="1" ind2=" " tag="100"><subfield code="a">Wynn-williams, C.G</subfield></datafield><datafield ind1="1" ind2="0" tag="245"><subfield code="a">Infrakrasnaia astronomia</subfield><subfield code="c">C.g. wynn-williams, d.p. cruikshank</subfield></datafield><datafield ind1=" " ind2=" " tag="260"><subfield code="a">Moskva</subfield><subfield code="b">Mir</subfield><subfield code="c">1983</subfield></datafield><datafield ind1=" " ind2=" " tag="300"><subfield code="a">447P</subfield></datafield><datafield ind1=" " ind2=" " tag="490"><subfield code="a">Titlul Original In Limba Engleza: Infrared Astronomy</subfield></datafield><datafield ind1="1" ind2=" " tag="700"><subfield code="a">Cruikshank, D.P</subfield></datafield><datafield ind1=" " ind2=" " tag="852"><subfield code="a">71907</subfield><subfield code="c">521/522</subfield></datafield><datafield ind1=" " ind2=" " tag="CAT"><subfield code="a">Sys</subfield><subfield code="c">20130827</subfield><subfield code="h">103732</subfield></datafield></record></collection>